@inproceedings{ff-icfp-2002,
  title={Contracts for higher-order functions},
  author={Findler, Robert Bruce and Felleisen, Matthias},
  booktitle={ICFP},
  year={2002}
},
@inproceedings{dnff-icfp-2016,
  title={Oh {L}ord, please don't let contracts be misunderstood (functional pearl)},
  author={Christos Dimoulas and Max S. New and Robert Bruce Findler and Matthias Felleisen},
  booktitle={ICFP},
  year={2016}
},
@inproceedings{tb-pldi-2014,
  title={A Lightweight Symbolic Virtual Machine for Solver-Aided Host Languages},
  author={Emina Torlak and Rastislav Bodik},
  booktitle={PLDI},
  year={2014}
},
@inproceedings{m-ieee-1992,
  title={Applying Design by Contract},
  author={Bertrand Meyer},
  booktitle={{IEEE} Journal},
  year={1992}
},
@inproceedings{bjpw-eptcs-2010,
  title={Contract-Aware Components, 10 Years Later},
  author={Antoine Beugnard and Jean-Marc J\'{e}z\'{e}quel and No\"{e}l Plouzeau},
  booktitle={EPTCS},
  year={2010}
},
@inproceedings{tfgnfv-popl-2016,
  title={Is Sound Gradual Typing Dead?},
  author={Asumu Takikawa and Daniel Feltey and Ben Greenman and Max S. New and Matthias Felleisen and Jan Vitek},
  booktitle={POPL},
  year={2016}
},
@inproceedings{tfdfftf-ecoop-2015,
  title={Towards Practical Gradual Typing},
  author={Asumu Takikawa and Daniel Feltey and Earl Dean and Matthew Flatt and Robert Bruce Findler and Sam Tobin-Hochstadt and Matthias Felleisen},
  booktitle={ECOOP},
  year={2015}
},
@inproceedings{tscff-pldi-2011,
  title={Languages as Libraries},
  author={Sam Tobin-Hochstadt and Vincent St. Amour and Ryan Culpepper and Matthew Flatt and Matthias Felleisen},
  booktitle={PLDI},
  year={2011}
},
@inproceedings{stff-padl-2012,
  title={Typing the Numeric Tower},
  author={Vincent St-Amour and Sam Tobin-Hochstadt and Matthew Flatt and Matthias Felleisen},
  booktitle={PADL},
  year={2012}
},
@inproceedings{saf-cc-2015,
  title={Feature-Specific Profiling},
  author={Vincent St-Amour and Leif Andersen and Matthias Felleisen},
  booktitle={CC},
  year={2015}
},
@inproceedings{ntv-icfp-2014,
  title={Soft Contract Verification},
  author={Ph\'{u}c C Nguy{\raisebox{0.6ex}{\~}\kern-0.4em{\^e}}n and Sam Tobin-Hochstadt and David Van Horn},
  booktitle={ICFP},
  year={2014}
},
@inproceedings{tf-popl-2008,
  title={The Design and Implementation of Typed Scheme},
  author={Sam Tobin-Hochstadt and Matthias Felleisen},
  booktitle={POPL},
  year={2008}
},
@inproceedings{wwtekt-oopsla-2016,
  title={Scalable Verification of Border Gateway Protocol Configurations with an SMT Solver},
  author={Konstantin Weitz and Doug Woos and Emina Torlak and Michael D. Ernst and Arvind Krishnamurthy and Zachary Tatlock},
  booktitle={OOPSLA},
  year={2016}
},
@inproceedings{plttwej-cav-2016,
  title={Investigating Safety of a Radiotherapy Machine Using System Models with Pluggable Checkers},
  author={Stuart Pernsteiner and Calvin Loncaric and Emina Torlak and Zachary Tatlock and Xi Wang and Michael D. Ernst and Jonathan Jacky},
  booktitle={CAV},
  year={2016}
},
@inproceedings{pjstcb-pldi-2014,
  title={Chlorophyll: Synthesis-Aided Compiler for Low-Power Spatial Architectures},
  author={Phitchaya Mangpo Phothilimthana and Tikhon Jelvis and Rohin Shah and Nishant Totla and Sarah Chasins and Rastislav Bodik},
  booktitle={PLDI},
  year={2014}
}
